<?xml version="1.0" encoding="UTF-8"?><record xmlns="http://www.loc.gov/MARC21/slim" xmlns:cinclude="http://apache.org/cocoon/include/1.0" xmlns:zs="http://www.loc.gov/zing/srw/">
  <leader>00434cz  a2200121n  4500</leader>
  <controlfield tag="001">n 2005028402</controlfield>
  <controlfield tag="003">DLC</controlfield>
  <controlfield tag="005">20050923173856.0</controlfield>
  <controlfield tag="008">050419n| acannaabn          |n aaa      </controlfield>
  <datafield tag="010" ind1=" " ind2=" ">
    <subfield code="a">n 2005028402</subfield>
  </datafield>
  <datafield tag="040" ind1=" " ind2=" ">
    <subfield code="a">DLC</subfield>
    <subfield code="b">eng</subfield>
    <subfield code="c">DLC</subfield>
    <subfield code="d">DLC</subfield>
  </datafield>
  <datafield tag="100" ind1="1" ind2=" ">
    <subfield code="a">Mišić, Vojislav B.</subfield>
  </datafield>
  <datafield tag="670" ind1=" " ind2=" ">
    <subfield code="a">Mišić, Jelena. Performance modelling and analysis of Bluetooth networks, 2005:</subfield>
    <subfield code="b">CIP t.p. (Vojislav B. Misic) preface (Winnipeg) book t.p. (Vojislav B. Mišić)</subfield>
  </datafield>
</record>